@STRING{ jacow  = "http://www.JACoW.org" }
@STRING( linac  = "Linear Accelerator Conference" )
@STRING( epac   = "European Particle Accelerator Conference" )


@article{bib:CDR,
      author         = "Aicheler, M and Burrows, P and Draper, M and Garvey, T
                        and Lebrun, P and Peach, K and Phinney, N and Schmickler,
                        H and Schulte, D and Toge, N",
      title          = "{A Multi-TeV Linear Collider Based on CLIC Technology}",
      doi            = "10.5170/CERN-2012-007",
      year           = "2012",
      reportNumber   = "CERN-2012-007, SLAC-R-985, KEK-Report-2012-1, PSI-12-01,
                        JAI-2012-001",
      SLACcitation   = "%%CITATION = CERN-2012-007;%%"
}

@article{bib:CTF3DesignReport,
      author         = "Bossart, R. and others",
      title          = "{CTF3 design report}",
      year           = "2002",
      reportNumber   = "SLAC-PUB-9672, CERN-PS-2002-008-RF, CTF3-NOTE-2002-047,
                        LNF-2002-008-IR",
      SLACcitation   = "%%CITATION = SLAC-PUB-9672;%%"
}

@inproceedings{bib:fullbeamloading,
      author         = "Corsini, R. and others",
      title          = "{First full beam loading operation with the CTF3 linac}",
      booktitle      = "{9th European Particle Accelerator Conference (EPAC 2004)
                        Lucerne, Switzerland, July 5-9, 2004}",
      url            = "http://weblib.cern.ch/abstract?CERN-AB-2004-057",
      year           = "2004",
      reportNumber   = "SLAC-PUB-10762, CERN-AB-2004-057, CLIC-NOTE-604,
                        CTF3-NOTE-66, EPAC-2004-MOOCH02",
      SLACcitation   = "%%CITATION = SLAC-PUB-10762;%%"
}

@inproceedings{bib:CRdesign,
      author         = "Biscari, C. and others",
      title          = "{CTF3: Design of driving beam combiner ring}",
      booktitle      = "{Particle accelerator. Proceedings, 7th European
                        Conference, EPAC 2000, Vienna, Austria, June 26-30, 2000.
                        Vol. 1-3}",
      url            = "http://weblib.cern.ch/abstract?CERN-OPEN-2001-018",
      year           = "2001",
      pages          = "450-452",
      reportNumber   = "CERN-CLIC-NOTE-471, CLIC-NOTE-471, CERN-OPEN-2001-018",
      SLACcitation   = "%%CITATION = CERN-CLIC-NOTE-471;%%"
}

@inproceedings{bib:CRtunechoice,
      author         = "Corsini, R. and Schulte, D.",
      title          = "{Beam transverse stability in the CLIC combiner rings}",
      booktitle      = "{Linear accelerator. Proceedings, 21st International
                        Conference, Linac 2002, Gyeongju, South Korea, August
                        19-23, 2002}",
      url            = "http://weblib.cern.ch/abstract?CERN-CLIC-NOTE-539",
      year           = "2002",
      pages          = "112-114",
      reportNumber   = "CERN-PS-2002-072-AE, CLIC-NOTE-539, CERN-CLIC-NOTE-539",
      SLACcitation   = "%%CITATION = CERN-PS-2002-072-AE;%%"
}

@inproceedings{bib:CTF3_inst,
      author         = "Lefevre, T.",
      title          = "{The CLIC test facility 3 instrumentation}",
      booktitle      = "{Beam Instrumentation Workshop 2008, proceedings of the
                        13th Beam Instrumentation Workshop, Tahoe City,
                        California, USA, 4-8 May 2008}",
      url            = "http://accelconf.web.cern.ch/AccelConf/BIW2008/papers/weiotio01.pdf",
      year           = "2008",
      pages          = "93-101",
      SLACcitation   = "%%CITATION = INSPIRE-839727;%%"
}

@article{tbtsScreens1,
      author         = "Farabolini, W. and Adroit, G. and Girardot, P. and
                        Granelli, R. and Harrault, F. and Lahonde-Hamdoun, C. L.
                        H. and Lerch, T. and Orsini, F.",
      title          = "{Video Profile Monitors Development for the CTF3 Probe
                        Beam Linac}",
      booktitle      = "{Particle accelerator. Proceedings, 11th European
                        Conference, EPAC 2008, Genoa, Italy, June 23-27, 2008}",
      journal        = "Conf. Proc.",
      volume         = "C0806233",
      year           = "2008",
      pages          = "TUPC024",
      reportNumber   = "EPAC08-TUPC024",
      SLACcitation   = "%%CITATION = CONFP,C0806233,TUPC024;%%"
}

@inproceedings{tbtsBpms1,
      author         = "Gasior, M.",
      title          = "{An inductive pick-up for beam position and current
                        measurements}",
      booktitle      = "{Beam diagnostics and instrumentation for particle
                        accelerators. Proceedings, 6th European Workshop, DIPAC
                        2003, Mainz, Germany, May 5-7, 2003}",
      url            = "http://cdsweb.cern.ch/search.py?sysno=002382872CER",
      year           = "2003",
      pages          = "53-55",
      reportNumber   = "CERN-AB-2003-053-BDI, CLIC-NOTE-572, CERN-CLIC-NOTE-572",
      SLACcitation   = "%%CITATION = CERN-AB-2003-053-BDI;%%"
}


@inproceedings{bib:CALIFEScomandoper1,
      author         = "Farabolini, Wilfrid and others",
      title          = "{CTF3 probe beam LINAC commissioning and operations}",
      booktitle      = "{Proceedings, 25th International Linear Accelerator
                        Conference, LINAC2010: Tsukuba, Japan, September 12-17,
                        2010}",
      year           = "2011",
      url            = "http://accelconf.web.cern.ch/AccelConf/LINAC2010/papers/mop001.pdf",
      pages          = "MOP001",
      reportNumber   = "LINAC-2010-MOP001",
      SLACcitation   = "%%CITATION = LINAC-2010-MOP001;%%"
}


@CONFERENCE{bib:SegTBL,
  author = {Olvegaard, M. and Bravin, E. and Carra, F. and Chritin, N. and Dabrowski,
	A. and et al.},
  title = {{Spectrometry in the Test Beam Line at CTF3}},
  booktitle = {Proc. 1st Int. Particle Accelerator Conf., 23-28 May 2010, Kyoto,
	Japan},
  year = {2010},
  pages = {1113-1115},
  owner = {user},
  timestamp = {2012.05.31},
  url = {http://accelconf.web.cern.ch/accelconf/IPAC10/papers/mope060.pdf}
}

@CONFERENCE{bib:SegPMT,
  author = {Lefevre, T. and Bal, C. and Braun, H. and Bravin, E. and Burger,
	S. and Corsini, R. and Doebert, S. and Dutriat, C. D. and Tecker,
	F. and Urschuetz, P. and Welsch, C.},
  title = {{Time-resolved Spectrometry on the CLIC Test Facility 3}},
  booktitle = {Proc. 10th European Particle Accelerator Conf., 26-30 June 2006,
	Edinburgh, Scotland, UK},
  year = {2006},
  pages = {1205-1207},
  owner = {user},
  timestamp = {2012.05.31},
  url = {http://accelconf.web.cern.ch/accelconf/e06/PAPERS/TUPCH083.PDF}
}

@CONFERENCE{bib:SegDump,
  author = {Lefevre, T. and Braun, H. and Bravin, E. and Dutriat, C. and Welsch,
	C. P.},
  title = {{Segmented Beam Dump for Time Resolved Spectrometry on a High Current
	Electron Beam}},
  booktitle = {Proc. 8th European Workshop on Beam Diagnostics and Instrumentation
	for Particle Accelerators, 20-23 May 2007, Venice, Italy},
  year = {2007},
  pages = {340-342},
  owner = {user},
  timestamp = {2012.05.31},
  url = {http://accelconf.web.cern.ch/accelconf/d07/papers/wepc14.pdf}
}

@inproceedings{bib:SICA,
  author         = "Jensen, E.",
  title          = "{CTF3 drive beam accelerating structures}",
  booktitle      = "{Linear accelerator. Proceedings, 21st International
                    Conference, Linac 2002, Gyeongju, South Korea, August
                    19-23, 2002}",
  url            = "http://weblib.cern.ch/abstract?CERN-CLIC-NOTE-538",
  year           = "2002",
  pages          = "34-36",
  reportNumber   = "CERN-PS-2002-068-RF, CLIC-NOTE-538, CERN-CLIC-NOTE-538",
  SLACcitation   = "%%CITATION = CERN-PS-2002-068-RF;%%"
}


@CONFERENCE{bib:RF_def_Ghigo,
  author = {Ghigo, A. and Alesini, D. and Benedetti, g. and Biscari, C. and Castellano,
	M. and et al.},
  title = {{Commissioning and First Measurements on the CTF3 Chicane}},
  booktitle = {Proc. 21st IEEE Particle Accelerator Conf., 16-20 May 2005, Knoxville,
	Tennessee, USA},
  year = {2005},
  pages = {785-787},
  owner = {user},
  timestamp = {2012.05.31},
  url = {http://accelconf.web.cern.ch/accelconf/p05/PAPERS/RPPP001.PDF}
}

@TECHREPORT{bib:RF_def_Emma,
  author = {Emma, P. and Frisch, J. and Krejcik, P.},
  title = {{A Transverse RF Deflecting Structure for Bunch Length and Phase
	Space Diagnostics}},
  institution = {SLAC},
  year = {2000},
  number = {LCLS-TN-00-12. SLAC-PUB-8864},
  address = {Stanford, CA, USA},
  owner = {user},
  timestamp = {2012.05.31},
  url = {http://www-ssrl.slac.stanford.edu/lcls/technotes/lcls-tn-00-12.pdf}
}

@TECHREPORT{bib:LepPreInjParList,
  author = { },
  title = {{LEP Preinjector Parameter List}},
  institution = {CERN},
  year = {2000},
  number = {PS-LPI-88-02},
  owner = {user},
  year = {1988}
}


@CONFERENCE{bib:Long_2010,
  author = {Dabrowski, A. E. and Adli, E. and Bettoni, S. and Corsini, R. and
	et al.},
  title = {{Measuring the Longitudinal Bunch Profile at CTF3}},
  booktitle = {Proc. XXV Linear Accelerator Conf., 12-17 September 2010, Tsukuba,
	Japan},
  year = {2010},
  pages = {647-649},
  owner = {user},
  timestamp = {2012.05.31},
  url = {http://accelconf.web.cern.ch/accelconf/LINAC2010/papers/tup100.pdf}
}

@TECHREPORT{bib:welsch2,
  author = {Welsch, C. and Bravin, E. and Lefevre, T.},
  title = {{Layout of the Long Optical Lines in CTF3}},
  institution = {CERN},
  year = {2006},
  number = {CTF3 Note 072},
  owner = {user},
  timestamp = {2012.05.31},
  url = {http://clic-study.web.cern.ch/CLIC-Study/CTF3/Notes/CTF3Note072.pdf}
}

@ARTICLE{bib:welsch,
  author = {Welsch, C. P. and Braun, H.-H. and Bravin, E. and Corsini, R. and
	Doebert, S. and Lefevre, T. and Tecker, F. and Pand Buonomo, B. and
	Coiro, O. and Ghigo, A. and Preger, B.},
  title = {{Longitudinal beam profile measurements at CTF3 using a streak camera}},
  journal = {J. Instrum.},
  year = {2006},
  volume = {1},
  pages = {09002},
  doi = {10.1088/1748-0221/1/09/P09002},
  owner = {asafrona},
  timestamp = {2012.02.26},
  url = {http://iopscience.iop.org/1748-0221/1/09/P09002/pdf/1748-0221_1_09_P09002.pdf}
}

@CONFERENCE{bib:Precision_BPM,
  author = {Soby, L. and Guillot-Vignot, F. and Podadera, I.},
  title = {{Precision Beam Position Monitor for EUROTeV}},
  booktitle = {Proc. 23rd IEEE Particle Accelerator Conf., 4-8 May 2009, Vancouver,
	British Columbia, Canada},
  year = {2009},
  pages = {3534-3536},
  owner = {user},
  timestamp = {2012.05.31},
  url = {http://accelconf.web.cern.ch/accelconf/PAC2009/papers/th5rfp039.pdf}
}

@MASTERSTHESIS{bib:bps,
  author = {Garcia Garrigos, J. J.},
  title = {{Design and Construction of a Beam Position Monitor Prototype for
	the Test Beam Line of the CTF3}},
  school = {Universitat Politecnica de Valencia},
  year = {2008},
  address = {Valencia, Spain},
  note = {CLIC-Note-769},
  owner = {user},
  timestamp = {2012.05.31},
  url = {http://cdsweb.cern.ch/record/1164156/files/CERN-OPEN-2009-002.pdf}
}

@CONFERENCE{bib:BPM,
  author = {Gasior, M.},
  title = {{An Inductive Pick-Up for Beam Position and Current Measurements}},
  booktitle = {Proc. 6th European Workshop on Beam Diagnostics and Instrumentation
	for Particle Accelerators, 5-7 May 2003, Mainz, Germany},
  year = {2003},
  pages = {53-55},
  owner = {user},
  timestamp = {2012.05.31},
  url = {http://accelconf.web.cern.ch/accelconf/d03/papers/CT01.pdf}
}

@CONFERENCE{bib:BPM2,
  author = {Gasior, M.},
  title = {{A Current Mode Inductive Pick-Up for Beam Position and Current Measurement}},
  booktitle = {Proc. 7th European Workshop on Beam Diagnostics and Instrumentation
	for Particle Accelerators, 6-8 June 2005, Lyon, France},
  year = {2005},
  pages = {175-177},
  owner = {user},
  timestamp = {2012.05.31},
  url = {http://accelconf.web.cern.ch/accelconf/d05/PAPERS/POT014.PDF}
}

@CONFERENCE{bib:CALIFES1,
  author = {Peauger, F. and et al.},
  title = {{Status of the CTF3 Probe Beam Linac CALIFES}},
  booktitle = {Proc. 24th Linear Accelerator Conference,  September-October 2008, Victoria, British Columbia, Canada},
  year = {2008},
  pages = {389-391},
  owner = {user},
  timestamp = {2008.10.03},
  url = {http://accelconf.web.cern.ch/AccelConf/LINAC08/papers/tup004.pdf}
}


@TECHREPORT{bib:BPM_Frascati,
  author = {Stella, A. and Ghigo, A. and Marcellini, F. and Zolla, A.},
  title = {{Design of a Beam Position Monitor for the CTF3 Combiner Ring}},
  institution = {INFN-LNF},
  year = {2002},
  number = {CTFF3-008},
  address = {Frascati},
  owner = {user},
  timestamp = {2012.05.31},
  url = {http://www.lnf.infn.it/acceleratori/ctf3/ctff3notes/CTFF3-008.pdf}
}


@article{bib:nstabByRfDeflectors,
  title = {Beam instability induced by rf deflectors in the combiner ring of the CLIC test facility and mitigation by damped deflecting structures},
  author = {Alesini, David and Biscari, Caterina and Ghigo, Andrea and Marcellini, Fabio and Corsini, Roberto},
  journal = {Phys. Rev. ST Accel. Beams},
  volume = {14},
  issue = {2},
  pages = {022001},
  numpages = {12},
  year = {2011},
  month = {02},
  publisher = {American Physical Society},
  doi = {10.1103/PhysRevSTAB.14.022001},
  url = {https://link.aps.org/doi/10.1103/PhysRevSTAB.14.022001}
}


@incollection{bib:InAndLinacLayout,
  author = {Rinolfi, L.},
  title = {Injector and Linac layout},
  booktitle = { CERN EDMS },
  number = {doc. no. 547088 v7},
  url = {https://edms.cern.ch/document/547088/7},
  year = {2007}
}


@incollection{bib:CTlineLayout,
  author = {Rinolfi, L.},
  title = {CT Line layout},
  booktitle = { CERN EDMS },
  number = {doc. no. 654643 v14},
  url = {https://edms.cern.ch/document/654643/14},
  year = {2007}
}


@incollection{bib:InAndLinacLayout,
  author = {Rinolfi, L.},
  title = {Delay Loop layout},
  booktitle = { CERN EDMS },
  number = {doc. no. 860476 v2},
  url = {https://edms.cern.ch/document/860476/2},
  year = {2007}
}

@incollection{bib:CRseptaMagnMeas1,
  author = {Chritin, R.},
  title = {Mesures magnetiques d'aimants a septum epais pour l'anneau de combinaison du CTF3},
  booktitle = { CERN EDMS },
  number = {doc. no. 779632 v2},
  url = {https://edms.cern.ch/document/779632/2},
  year = {2006}
}


@incollection{bib:CRseptaMagnMeas2,
  author = {Chritin, R.},
  title = {Mesures magnetiques d'aimants a septum minces pour l'anneau de combinaison du CTF3},
  booktitle = { CERN EDMS },
  number = {doc. no. 779634 v2},
  url = {https://edms.cern.ch/document/779634/2},
  year = {2006}
}


@online{bib:CRseptaMagnMeas0,
  author = {Lucas, J.},
  title = {Status of the septa program for the CLIC Test Facility 3},
  url = {http://clic-meeting.web.cern.ch/clic-meeting/CTF3_Techn_Mtgs/2005/Presentations/pdf/Lucas.pdf},
  year = {2005}
}



@article{bib:CRkickerCiemat,
      author         = "Rodriguez, I. and Rodriguez, E. and Toral, F. and
                        Garcia-Tabares, L. and Fowler, T. and Syratchev, I. and
                        Alesini, D. and Ghigo, A. and Marcellini, F. and Zobov, M.",
      title          = "{Detailed design, manufacturing and testing of a
                        strip-line extraction kicker for CTF3 combiner ring}",
      booktitle      = "{Particle accelerator. Proceedings, 11th European
                        Conference, EPAC 2008, Genoa, Italy, June 23-27, 2008}",
      journal        = "Conf. Proc.",
      volume         = "C0806233",
      year           = "2008",
      pages          = "TUPD014",
      reportNumber   = "EPAC08-TUPD014",
      SLACcitation   = "%%CITATION = CONFP,C0806233,TUPD014;%%"
}

@article{bib:TailClipKicker,
      author         = "Rodriguez, Iker and Toral, Fernando and Barnes, Michael
                        and Fowler, Tony and Ravida, Gianfranco",
      title          = "{Design, Manufacturing and Testing of the CTF3 Tail Clipper Kicker}",
      booktitle      = "{Proceedings, 1st International Particle Accelerator
                        Conference (IPAC'10): Kyoto, Japan, May 23-28, 2010}",
      journal        = "Conf. Proc.",
      volume         = "C100523",
      year           = "2010",
      pages          = "WEPD087",
      reportNumber   = "IPAC-2010-WEPD087",
      SLACcitation   = "%%CITATION = CONFP,C100523,WEPD087;%%"
}

@article{bib:TailClipKickerModulator,
      author        = "Barnes, M J and Fowler, T and Ravida, G",
      title         = "{Design, Testing and Operation of the Modulator for the
                       CTF3 Tail Clipper Kicker}",
      number        = "CERN-ATS-2009-132. CLIC-Note-783",
      pages         = "4 p",
      month         = "07",
      year          = "2009",
      reportNumber  = "CERN-ATS-2009-132",
      url           = "https://cds.cern.ch/record/1225494",
}

@inproceedings{bib:DavideEmittOptimis1,
      author         = "Gamba, Davide and Burrows, Philip and Corsini, Roberto
                        and Skowronski, Piotr and Tecker, Frank",
      title          = "{Effect and Optimisation of Non-Linear Chromatic
                        Aberrations of the CLIC Drive Beam Recombination at CTF3}",
      booktitle      = "{Proceedings, 7th International Particle Accelerator
                        Conference (IPAC 2016): Busan, Korea, May 8-13, 2016}",
      year           = "2016",
      url            = "http://inspirehep.net/record/1470633/files/thpor032.pdf",
      pages          = "THPOR032",
      doi            = "10.18429/JACoW-IPAC2016-THPOR032",
      SLACcitation   = "%%CITATION = INSPIRE-1470633;%%"
}

@phdthesis{bib:DavideThesis,
      author         = "Gamba, Davide",
      title          = "{Online optimisation of the CLIC Drive Beam bunch train
                        recombination at CTF3}",
      school         = "CERN",
      year           = "2016",
      month          = "05",
      url            = "http://inspirehep.net/record/1503521/files/CERN-THESIS-2016-153.pdf",
      reportNumber   = "CERN-THESIS-2016-153",
      SLACcitation   = "%%CITATION = CERN-THESIS-2016-153;%%"
}


@inproceedings{bib:DavideEmittOptimis2,
      author         = "Gamba, Davide and others",
      title          = "{Transverse Beam Phase-Space Measurement Experience at
                        CTF3}",
      booktitle      = "{Proceedings, 8th International Particle Accelerator
                        Conference (IPAC 2017): Copenhagen, Denmark, May 14-19,
                        2017}",
      year           = "2017",
      url            = "http://inspirehep.net/record/1626384/files/mopab115.pdf",
      pages          = "MOPAB115",
      doi            = "10.18429/JACoW-IPAC2017-MOPAB115",
      SLACcitation   = "%%CITATION = INSPIRE-1626384;%%"
}



@article{bib:TBLspectrometry1,
      author         = "Olvegard, Maja and Bravin, Enrico and Carra, Federico and
                        Chritin, Nicolas and Dabrowski, Anne and Dallocchio,
                        Alessandro and Dobert, Steffen and Lefevre, Thibaut and
                        Adli, Erik",
      title          = "{Spectrometry in the Test Beam Line at CTF3}",
      booktitle      = "{Proceedings, 1st International Particle Accelerator
                        Conference (IPAC'10): Kyoto, Japan, May 23-28, 2010}",
      journal        = "Conf. Proc.",
      volume         = "C100523",
      year           = "2010",
      pages          = "MOPE060",
      reportNumber   = "IPAC-2010-MOPE060",
      SLACcitation   = "%%CITATION = CONFP,C100523,MOPE060;%%"
}

@techreport{bib:TBLspectrometry2,
      author        = "Olvegard, M and Dabrowski, A and Lefevre, T and Doebert,
                       S and Adli, E",
      title         = "{Time Resolved Spectrometry on the Test Beam Line at
                       CTF3}",
      institution   = "CERN",
      address       = "Geneva",
      number        = "CERN-BE-2009-025",
      month         = "May",
      year          = "2009",
      reportNumber  = "CERN-BE-2009-025",
      url           = "http://cds.cern.ch/record/1183412",
}

@inproceedings{bib:BPM1,
      author         = "Gasior, M.",
      title          = "{An inductive pick-up for beam position and current measurements}",
      booktitle      = "{Beam diagnostics and instrumentation for particle
                        accelerators. Proceedings, 6th European Workshop, DIPAC
                        2003, Mainz, Germany, May 5-7, 2003}",
      url            = "http://cdsweb.cern.ch/search.py?sysno=002382872CER",
      year           = "2003",
      pages          = "53-55",
      reportNumber   = "CERN-AB-2003-053-BDI, CLIC-NOTE-572, CERN-CLIC-NOTE-572",
      SLACcitation   = "%%CITATION = CERN-AB-2003-053-BDI;%%"
}

@thesis{bib:MajaThesis,
      author        = "Olvegard, Maja and Volker, Ziemann and Thibaut, Lefevre
                       and Enrico, Bravin",
      title         = "{Emittance and Energy Diagnostics for Electron Beams with
                       Large Momentum Spread}",
      month         = "05",
      year          = "2013",
      reportNumber  = "CERN-THESIS-2013-044",
      url           = "http://cds.cern.ch/record/1552330",
      note          = "Presented 24 May 2013",
}


@inproceedings{bib:BLMs1,
      author         = "Kastriotou, Maria and Doebert, Steffen and Farabolini,
                        Wilfrid and Holzer, Eva Barbara and Nebot Del Busto,
                        Eduardo and Tecker, Frank and Welsch, Carsten",
      title          = "{A Versatile Beam Loss Monitoring System for CLIC}",
      booktitle      = "{Proceedings, 7th International Particle Accelerator
                        Conference (IPAC 2016): Busan, Korea, May 8-13, 2016}",
      year           = "2016",
      url            = "http://inspirehep.net/record/1469585/files/mopmr024.pdf",
      pages          = "MOPMR024",
      doi            = "10.18429/JACoW-IPAC2016-MOPMR024",
      SLACcitation   = "%%CITATION = INSPIRE-1469585;%%"
}

@article{bib:DLRFdefl1,
      author         = "Marcellini, F. and Alesini, D.",
      title          = "{The RF deflector for the CTF3 delay loop}",
      booktitle      = "{Particle accelerator. Proceedings, 10th European
                        Conference, EPAC 2006, Edinburgh, UK, June 26-30, 2006}",
      journal        = "Conf. Proc.",
      volume         = "C060626",
      year           = "2006",
      pages          = "2436-2438",
      note           = "[,2436(2006)]",
      SLACcitation   = "%%CITATION = CONFP,C060626,2436;%%"
}

@inproceedings{bib:CRRFdeflV1,
      author         = "Alesini, D. and Boni, R. and Gallo, A. and Marcellini, F.
                        and Kucharczyk, A. and Kulinski, S. and Pachan, M. and
                        Plawski, E.",
      title          = "{RF beam deflectors for CTF3 combiner ring}",
      booktitle      = "{Particle accelerator. Proceedings, 8th European
                        Conference, EPAC 2002, Paris, France, June 3-7, 2002}",
      url            = "http://accelconf.web.cern.ch/AccelConf/e02/PAPERS/TUPRI058.pdf",
      year           = "2002",
      pages          = "2115-2117",
      SLACcitation   = "%%CITATION = INSPIRE-609142;%%"
}

@article{bib:CRinstability1,
      author         = "Corsini, R. and Schulte, D. and Skowronski, P. K. and
                        Tecker, F. and Alesini, D. and Biscari, C. and Ghigo, A.",
      title          = "{Fast Vertical Beam Instability in the CTF3 Combiner Ring}",
      booktitle      = "{Particle accelerator. Proceedings, 11th European
                        Conference, EPAC 2008, Genoa, Italy, June 23-27, 2008}",
      journal        = "Conf. Proc.",
      volume         = "C0806233",
      year           = "2008",
      pages          = "MOPP011",
      reportNumber   = "EPAC08-MOPP011",
      SLACcitation   = "%%CITATION = CONFP,C0806233,MOPP011;%%"
}


@article{bib:CRinstability2,
      author         = "Alesini, D. and Biscari, C. and Ghigo, A. and Marcellini,
                        F.",
      title          = "{Analysis of the Vertical Beam Instability in CTF3
                        Combiner Ring and New RF Deflector Design}",
      booktitle      = "{Particle accelerator. Proceedings, 11th European
                        Conference, EPAC 2008, Genoa, Italy, June 23-27, 2008}",
      journal        = "Conf. Proc.",
      volume         = "C0806233",
      year           = "2008",
      pages          = "WEPP125",
      reportNumber   = "EPAC08-WEPP125",
      SLACcitation   = "%%CITATION = CONFP,C0806233,WEPP125;%%"
}

@article{bib:CRRFdeflV2,
      author         = "Alesini, David and Biscari, Caterina and Ghigo, Andrea
                        and Marcellini, Fabio and Corsini, Roberto",
      title          = "{Beam instability induced by rf deflectors in the
                        combiner ring of the CLIC test facility and mitigation by
                        damped deflecting structures}",
      journal        = "Phys. Rev. ST Accel. Beams",
      volume         = "14",
      year           = "2011",
      pages          = "022001",
      doi            = "10.1103/PhysRevSTAB.14.022001",
      SLACcitation   = "%%CITATION = PRSTA,14,022001;%%"
}

@Proceedings{clic:epac06,
    Title        = epac,
    BookTitle    = "Proc. EPAC'06",
    Organization = "EPAC 2006, Edinburgh, UK",
    Year         = "2006",
    Note         = jacow
    }


@InProceedings{bib:califes_mosnier2006,
    Author      = "A. Mosnier and others",
    Title       = "{The Probe Beam Linac in CTF3}",
    Pages       = 679,
    CrossRef    = "clic:epac06"
    }

@InProceedings{bib:brossard2006,
    Author      = "Julien Brossard and others",
    Title       = "{Construction of the Probe Beam Photo-injector of CTF3}",
    Pages       = 828,
    CrossRef    = "clic:epac06"
    }

@Proceedings{clic:linac08,
    Title        = linac,
    BookTitle    = "Proc. LINAC'08, Victoria, Canada",
    Organization = "LINAC 2008",
    Year         = "2008",
    Note         = jacow
    }

@InProceedings{bib:photocathode,
    Author      = "F. Peauger and others",
    Title       = "Status of the CTF3 Probe Beam Linac CALIFES",
    Pages       = 389,
    CrossRef    = "clic:linac08"
    }

@incollection{bib:CTlineLayout,
  author = {Rinolfi, L.},
  title = {CT Line layout},
  booktitle = { CERN EDMS },
  number = {doc. no. 654643 v14},
  url = {https://edms.cern.ch/document/654643/14},
  year = {2007}
}

@inproceedings{bib:DavideEmittOptimis,
      author         = "Gamba, Davide and Burrows, Philip and Corsini, Roberto
                        and Skowronski, Piotr and Tecker, Frank",
      title          = "{Effect and Optimisation of Non-Linear Chromatic
                        Aberrations of the CLIC Drive Beam Recombination at CTF3}",
      booktitle      = "{Proceedings, 7th International Particle Accelerator
                        Conference (IPAC 2016): Busan, Korea, May 8-13, 2016}",
      year           = "2016",
      url            = "http://inspirehep.net/record/1470633/files/thpor032.pdf",
      pages          = "THPOR032",
      doi            = "10.18429/JACoW-IPAC2016-THPOR032",
      SLACcitation   = "%%CITATION = INSPIRE-1470633;%%"
} 


@phdthesis{bib:DavideThesis,
      author         = "Gamba, Davide",
      title          = "{Online optimisation of the CLIC Drive Beam bunch train
                        recombination at CTF3}",
      school         = "CERN",
      year           = "2016",
      month          = "05",
      url            = "http://inspirehep.net/record/1503521/files/CERN-THESIS-2016-153.pdf",
      reportNumber   = "CERN-THESIS-2016-153",
      SLACcitation   = "%%CITATION = CERN-THESIS-2016-153;%%"
}


@article{bib:CRRFdeflV2,
      author         = "Alesini, David and Biscari, Caterina and Ghigo, Andrea
                        and Marcellini, Fabio and Corsini, Roberto",
      title          = "{Beam instability induced by rf deflectors in the
                        combiner ring of the CLIC test facility and mitigation by
                        damped deflecting structures}",
      journal        = "Phys. Rev. ST Accel. Beams",
      volume         = "14",
      year           = "2011",
      pages          = "022001",
      doi            = "10.1103/PhysRevSTAB.14.022001",
      SLACcitation   = "%%CITATION = PRSTA,14,022001;%%"
}

@thesis{bib:Jack_PhD,
      author        = "Roberts, Jack and Skowronski, Piotr and Christian, Glenn",
      title         = "{Development of a Beam-based Phase Feedforward
                       Demonstration at the CLIC Test Facility (CTF3)}",
      month         = "Sep",
      year          = "2016",
      reportNumber  = "CERN-THESIS-2016-289",
      url           = "https://cds.cern.ch/record/2263832",
      note          = "Presented 24 Nov 2016",
}


@article{bib:CelsiusMachine,
  author={C Ekstrom and E Fransen and K Gajewski and D Hallin and 
          B Hemryd and H Herr and L Hermansson and P Jahnke and 
          G Janson and A Johansson and O Johansson and T Johnson and 
          P Lidbjork and T Lofnes and G Norman and D Reistad and 
          P-U Renberg and M Sedlacek and H Sterner and 
          O Svensson and R Wedberg and L Westerberg and J Xue},
  title={The CELSIUS Project},
  journal={Physica Scripta},
  volume={1988},
  number={T22},
  pages={256},
  url={http://stacks.iop.org/1402-4896/1988/i=T22/a=039},
  year={1988}
}


@book{Minty:629879,
      author         = "Minty, M. G. and Zimmermann, F.",
      title          = "{Measurement and control of charged particle beams}",
      publisher      = "Berlin",
      address        = "Springer",
      year           = "2003",
      series         = "Particle acceleration and detection",
      doi            = "10.1007/978-3-662-08581-3",
      ISBN           = "9783540441878"
}


@inproceedings{gambaIPAC16,
      author         = "Gamba, Davide and Burrows, Philip and Corsini, Roberto
                        and Skowronski, Piotr and Tecker, Frank",
      title          = "{Effect and Optimisation of Non-Linear Chromatic
                        Aberrations of the CLIC Drive Beam Recombination at CTF3}",
      booktitle      = "{Proceedings, 7th International Particle Accelerator
                        Conference (IPAC 2016): Busan, Korea, May 8-13, 2016}",
      year           = "2016",
      url            = "http://inspirehep.net/record/1470633/files/thpor032.pdf",
      pages          = "THPOR032",
      doi            = "10.18429/JACoW-IPAC2016-THPOR032",
      SLACcitation   = "%%CITATION = INSPIRE-1470633;%%"
}
@inproceedings{gambaIPAC14,
      author         = "Gamba, Davide and Tecker, Frank",
      title          = "{Emittance Optimisation in the Drive Beam Recombination
                        Complex at CTF3}",
      booktitle      = "{Proceedings, 5th International Particle Accelerator
                        Conference (IPAC 2014): Dresden, Germany, June 15-20,
                        2014}",
      year           = "2014",
      url            = "http://jacow.org/IPAC2014/papers/tupri080.pdf",
      pages          = "TUPRI080",
      doi            = "10.18429/JACoW-IPAC2014-TUPRI080",
      SLACcitation   = "%%CITATION = INSPIRE-1313735;%%"
}


@article{bib:CelsiusMachine,
  author={C Ekstrom and E Fransen and K Gajewski and D Hallin and 
          B Hemryd and H Herr and L Hermansson and P Jahnke and 
          G Janson and A Johansson and O Johansson and T Johnson and 
          P Lidbjork and T Lofnes and G Norman and D Reistad and 
          P-U Renberg and M Sedlacek and H Sterner and 
          O Svensson and R Wedberg and L Westerberg and J Xue},
  title={The CELSIUS Project},
  journal={Physica Scripta},
  volume={1988},
  number={T22},
  pages={256},
  url={http://stacks.iop.org/1402-4896/1988/i=T22/a=039},
  year={1988}
}

@inproceedings{Chung:901051,
      author        = "Chung, Y and Decker, G and Evans, K",
      title         = "{Closed Orbit Correction Using Singular Value
                       Decomposition of the Response Matrix}",
     booktitle      = "{Proceedings of the 1993 Particle Accelerator Conference, PAC93}",
      year          = "1993",
      pages  = "2263",
      address = "Washington",
}      %url           = "https://cds.cern.ch/record/901051", http://accelconf.web.cern.ch/AccelConf/p93/HTML/AUTHORS.HTM


@book{lawson1995solving,
  title={Solving Least Squares Problems},
  author={Lawson, C.L. and Hanson, R.J.},
  isbn={9780898713565},
  lccn={95035178},
  year={1995},
  publisher={Society for Industrial and Applied Mathematics}
}

@inproceedings{Baggiolini:2005,
      author         = "V. Baggiolini et al.",
      title             = "{JAPC - the Java API for Parameter Control}",
      booktitle      = "{Proceedings of the 10th International
                        Conference on Accelerator and Large Experimental Physics Control Systems, ICALEPCS2005}",
      address = "Geneva",
      note          = "{paper TH15-8O}",
      year            = "2005",
}


@inproceedings{ipac_ctf3_2013,
      author         = "Skowronski, Piotr and others",
      title          = "{Experimental Verification of the CLIC Two-Beam
                        Acceleration Technology  in CTF3}",
      booktitle      = "{Proceedings, 4th International Particle Accelerator
                        Conference (IPAC 2013): Shanghai, China, May 12-17, 2013}",
      year           = "2013",
      url            = "http://JACoW.org/IPAC2013/papers/tupfi040.pdf",
      pages          = "TUPFI040",
      SLACcitation   = "%%CITATION = INSPIRE-1337103;%%"
}

@inproceedings{Latina:2014jca,
      author         = "Latina, Andrea and Pellegrini, Dario and Pfingstner,
                        Juergen and Schulte, Daniel and Adli, Erik",
      title          = "{Toolbox for Applying Beam-Based Alignment to Linacs}",
      booktitle      = "{Proceedings of the 27th Linear Accelerator Conference, LINAC2014}",
      year           = "2014",
      address       = "Geneva",
      note          = "{paper THPP034}",
     } %url            = "http://jacow.org/LINAC2014/papers/thpp034.pdf",


% tests with WFS and DFS at FACET
@inproceedings{Latina:2014ama,
      author         = "Latina, Andrea and Pfingstner, Juergen and Schulte,
                        Daniel and Adli, Erik",
      title          = "{Tests of Beam-based Alignment at FACET}",
      booktitle      = "{Proceedings of the 5th International Particle Accelerator Conference, IPAC2014}",
      year           = "2014",
      note          = "{paper TUPRO065}",
      }%url            = "http://jacow.org/IPAC2014/papers/tupro065.pdf",



@inproceedings{roberto_telavi_linac,
      author         = "Corsini, Roberto",
      title          = "{Status and Future of the CLIC Study}",
      booktitle      = "{Proceedings, 26th International Linear Accelerator
                        Conference, LINAC2012: Tel Aviv, Israel, September 9-14,
                        2012}",
      year           = "2013",
      url            = "http://accelconf.web.cern.ch/AccelConf/LINAC2012/papers/we1a02.pdf",
      pages          = "WE1A02",
      reportNumber   = "LINAC-2010-WE1A02",
}

@article{McKee1995,
title = "Phase space tomography of relativistic electron beams",
journal = "Nuclear Instruments and Methods in Physics Research Section A: Accelerators, Spectrometers, Detectors and Associated Equipment",
volume = "358",
number = "1",
pages = "264 - 267",
year = "1995",
issn = "0168-9002",
doi = "https://doi.org/10.1016/0168-9002(94)01411-6",
url = "http://www.sciencedirect.com/science/article/pii/0168900294014116",
author = "C.B. McKee and P.G. O'Shea and J.M.J. Madey"
}

@misc{lsqlin,
  title = "{MATLAB lsqlin function}",
  url = "http://it.mathworks.com/help/optim/ug/lsqlin.html",
}

@misc{mat:radon,
  title = "{MATLAB iradon function}",
  url = "https://www.mathworks.com/help/images/ref/iradon.html",
}

@techreport{Tenenbaum1997,
      author        = "Tenenbaum, P G",
      title         = "{Emittance measurements in CTF 2 drive beam}",
      institution   = "CERN",
      address       = "Geneva",
      number        = "CLIC-Note-326",
      month         = "Feb",
      year          = "1997",
      url           = "http://cds.cern.ch/record/321551",
}


@article{prat2014,
  title = {Emittance measurements and minimization at the SwissFEL Injector Test Facility},
  author = {Prat, Eduard and Aiba, Masamitsu and Bettoni, Simona and Beutner, Bolko and Reiche, Sven and Schietinger, Thomas},
  journal = {Phys. Rev. ST Accel. Beams},
  volume = {17},
  issue = {10},
  pages = {104401},
  numpages = {9},
  year = {2014},
  month = {Oct},
  publisher = {American Physical Society},
  doi = {10.1103/PhysRevSTAB.17.104401},
  url = {https://link.aps.org/doi/10.1103/PhysRevSTAB.17.104401}
}


@thesis{bib:3BPMmethod,
      author         = "Castro-Garcia, P.",
      title         = "{Luminosity and beta function measurement at the
                       electron-positron collider ring LEP}",
      year          = "1996",
      reportNumber  = "CERN-SL-96-070-BI", 
      url           = "http://cds.cern.ch/record/316609"
}

@article{bib:Schulte:luminsoity:fromRFjitter,
      author        = "Schulte, D and Tomas, R",
      title         = "{Dynamics effects in the new CLIC Main LINAC}",
      number        = "CERN-ATS-2009-137. CLIC-Note-803",
      pages         = "4 p",
      month         = "Jul",
      year          = "2009",
      reportNumber  = "CERN-ATS-2009-137",
      url           = "http://cds.cern.ch/record/1227217",
}


@article{DBLP:journals/corr/Shlens14,
  author    = {Jonathon Shlens},
  title     = {A Tutorial on Principal Component Analysis},
  journal   = {CoRR},
  volume    = {abs/1404.1100},
  year      = {2014},
  url       = {http://arxiv.org/abs/1404.1100},
  archivePrefix = {arXiv},
  eprint    = {1404.1100}
}

@book{trefethen1997numerical
  author    = {Lloyd N. Trefethen and
               David Bau},
  title     = {Numerical linear algebra},
  publisher = {{SIAM}},
  year      = {1997},
  isbn      = {978-0-89871-361-9}
}